@ARTICLE{test,
	author={C\"aldognetto, Tommaso and Tenti, Paolo},
	journal={IEEE Journal of Emerging and Selected Topics in Power Electronics},
	title={Microgrids Operation Based on Master–Slave Cooperative Control},
	year={2014},
	volume={2},
	number={4},
	pages={1081-1088},
	doi={10.1109/JESTPE.2014.2345052}}

@article{test2,
author = {林谦 and 余超 and 伍夏威 and 董银昭 and 徐昕 and 张强 and 郭宪},
title = {面向机器人系统的虚实迁移强化学习综述},
journal = {软件学报},
volume = {35},
pages = {711-738},
year = {2024},
issn = {1000-9825},
doi = {10.13328/j.cnki.jos.007006},
language = {zh},
}

@book{test3,
	author = {Ross, Sheldon M},
	month = feb,
	publisher = {Academic Press},
	address = {New York},
	rating = {0},
	title = {Introduction to Probability Models, 11th Edition},
	year = {2014},}

@online{test4,
title={{MASSCAN:Mass IP Port scanner}},author={R. Graham},
url={https://github.com/robertdavidgraham/masscan},
modifydate={1999},
citedate={2000},
year={2013}}


@inproceedings{test5,
	address = {Hangzhou, China},
	author = {Jinzhou Zeng and Fangyuan Li and Jiahu Qin and Wei Xing Zheng},
	booktitle = {Proceedings of the 34th Chinese Control Conference (CCC)},
	pages = {6930-6935},
	title = {Distributed event-triggered bipartite consensus for multiple agents over signed graph topology},
	year = {2015},
}

@misc{test6,
	author = {国务院},
	title = {新一代人工智能发展规划},
	year = {2017},}

