@article{test,
  author  = {C\"aldognetto, Tommaso and Tenti, Paolo},
  journal = {IEEE Journal of Emerging and Selected Topics in Power Electronics},
  title   = {Microgrids Operation Based on Master–Slave Cooperative Control},
  year    = {2014},
  volume  = {2},
  number  = {4},
  pages   = {1081-1088},
  doi     = {10.1109/JESTPE.2014.2345052}
}

@article{test2,
  author   = {林谦 and 余超 and 伍夏威 and 董银昭 and 徐昕 and 张强 and 郭宪},
  title    = {面向机器人系统的虚实迁移强化学习综述},
  journal  = {软件学报},
  volume   = {35},
  pages    = {711-738},
  year     = {2024},
  issn     = {1000-9825},
  doi      = {10.13328/j.cnki.jos.007006},
  language = {zh}
}

@book{test3,
  author    = {Ross, Sheldon M},
  month     = feb,
  publisher = {Academic Press},
  address   = {New York},
  rating    = {0},
  title     = {Introduction to Probability Models, 11th Edition},
  year      = {2014}
}

@online{test4,
  title      = {{MASSCAN:Mass IP Port scanner}},
  author     = {R. Graham},
  url        = {https://github.com/robertdavidgraham/masscan},
  modifydate = {1999},
  citedate   = {2000},
  year       = {2013}
}


@inproceedings{test5,
  address   = {Hangzhou, China},
  author    = {Jinzhou Zeng and Fangyuan Li and Jiahu Qin and Wei Xing Zheng},
  booktitle = {Proceedings of the 34th Chinese Control Conference (CCC)},
  pages     = {6930-6935},
  title     = {Distributed event-triggered bipartite consensus for multiple agents over signed graph topology},
  year      = {2015}
}

@misc{test6,
  author = {国务院},
  title  = {新一代人工智能发展规划},
  year   = {2017}
}













































@article{dosovitskiy2020image,
  title   = {An Image is Worth 16x16 Words: Transformers for Image Recognition at Scale},
  author  = {Dosovitskiy, Alexey and Beyer, Lucas and Kolesnikov, Alexander and Weissenborn, Dirk and Zhai, Xiaohua and Unterthiner, Thomas and Dehghani, Mostafa and Minderer, Matthias and Heigold, Georg and Gelly, Sylvain and Uszkoreit, Jakob and Houlsby, Neil},
  journal = {arXiv preprint arXiv:2010.11929},
  year    = {2020}
}

@article{carion2020end,
  title   = {End-to-End Object Detection with Transformers},
  author  = {Carion, Nicolas and Massa, Francisco and Synnaeve, Gabriel and Usunier, Nicolas and Kirillov, Alexander and Zagoruyko, Sergey},
  journal = {arXiv preprint arXiv:2005.12872},
  year    = {2020}
}

@article{liu2021swin,
  title   = {Swin Transformer: Hierarchical Vision Transformer using Shifted Windows},
  author  = {Liu, Ze and Lin, Yutong and Cao, Yue and Hu, Han and Wei, Yixuan and Zhang, Zheng and Lin, Stephen and Guo, Baining},
  journal = {arXiv preprint arXiv:2103.14030},
  year    = {2021}
}

@article{zhu2021deformable,
  title   = {Deformable DETR: Deformable Transformers for End-to-End Object Detection},
  author  = {Zhu, Xizhou and Su, Weijie and Lu, Lewei and Li, Bin and Wang, Xiaogang and Dai, Jifeng},
  journal = {arXiv preprint arXiv:2010.04159},
  year    = {2021}
}

@article{zheng2021rethinking,
  title   = {Rethinking Semantic Segmentation from a Sequence-to-Sequence Perspective with Transformers},
  author  = {Zheng, Sixiao and Lu, Jiachen and Zhao, Hengshuang and Zhu, Xiatian and Luo, Zekun and Wang, Yabiao and Fu, Yanwei and Feng, Jian and Xiang, Tao and Torr, Philip HS and others},
  journal = {arXiv preprint arXiv:2012.15840},
  year    = {2021}
}

@article{bao2021beit,
  title   = {BEiT: BERT Pretraining of Image Transformers},
  author  = {Bao, Hangbo and Dong, Li and Piao, Songhao and Wei, Furu},
  journal = {arXiv preprint arXiv:2106.08254},
  year    = {2021}
}

@article{he2021masked,
  title   = {Masked Autoencoders Are Scalable Vision Learners},
  author  = {He, Kaiming and Chen, Xinlei and Xie, Saining and Li, Yanghao and Doll{\'a}r, Piotr and Girshick, Ross},
  journal = {arXiv preprint arXiv:2111.06377},
  year    = {2021}
}

@article{liu2021tokens,
  title   = {Tokens-to-Token ViT: Training Vision Transformers from Scratch on ImageNet},
  author  = {Liu, Yuan and Zhang, Yutong and Wang, Yining and Hou, Fei and Yuan, Jian and Tian, Jin and Zhang, Yandong and Shi, Zhiqiang and Ji, Xiangyang and Wang, Jingdong},
  journal = {arXiv preprint arXiv:2101.11986},
  year    = {2021}
}

@article{wang2021pyramid,
  title   = {Pyramid Vision Transformer: A Versatile Backbone for Dense Prediction without Convolutions},
  author  = {Wang, Wenhai and Xie, Enze and Li, Xiang and Fan, Deng-Ping and Song, Kaitao and Liang, Ding and Lu, Tong and Luo, Ping and Shao, Ling},
  journal = {arXiv preprint arXiv:2102.12122},
  year    = {2021}
}

@article{dynamiccity2025,
  title   = {DynamicCity: 4D Scene Generation via Spatiotemporal Feature Compression},
  author  = {Bian, Hengwei and Kong, Lingdong and Xie, Haozhe and Liu, Ziwei and Qiao, Yu},
  journal = {ICLR},
  year    = {2025},
  url     = {https://arxiv.org/abs/2410.18084}
}

@article{sandler2018mobilenetv2,
  title   = {Mobilenetv2: Inverted residuals and linear bottlenecks},
  author  = {Sandler, Mark and Howard, Andrew and Zhu, Menglong and Zhmoginov, Andrey and Chen, Liang-Chieh},
  journal = {Proceedings of the IEEE conference on computer vision and pattern recognition},
  pages   = {4510--4520},
  year    = {2018}
}

@article{howard2019searching,
  title   = {Searching for mobilenetv3},
  author  = {Howard, Andrew and Sandler, Mark and Chu, Grace and Chen, Liang-Chieh and Chen, Bo and Tan, Mingxing and Wang, Weijun and Zhu, Yukun and Pang, Ruoming and Vasudevan, Vijay and others},
  journal = {Proceedings of the IEEE/CVF International Conference on Computer Vision},
  pages   = {1314--1324},
  year    = {2019}
}

@article{Meng2024CTA-Net,
  title   = {CTA-Net: A CNN-Transformer Aggregation Network for Improving Multi-Scale Feature Extraction},
  author  = {Chunlei Meng and et al.},
  journal = {arXiv preprint arXiv:2410.11428},
  year    = {2024}
}

@article{Seq2SeqTrajRec,
  title   = {A Graph-based Representation Framework for Trajectory Recovery via Spatiotemporal Interval-Informed Seq2Seq},
  author  = {Anonymous},
  journal = {arXiv preprint arXiv:2410.15666},
  year    = {2024}
}

@article{ITPNet,
  title   = {ITPNet: TOWARDS INSTANTANEOUS TRAJECTORY PREDICTION FOR AUTONOMOUS DRIVING},
  author  = {Anonymous},
  journal = {arXiv preprint arXiv:2410.15666},
  year    = {2024}
}

@article{wang2024priorsparse,
  title   = {Apply prior feature integration to sparse object detectors},
  author  = {Wang, Qijin and Qian, Yu and others},
  journal = {Pattern Recognition},
  year    = {2024},
  url     = {https://www.sohu.com/a/825261208_121798711}
}

@article{moes2024,
  title   = {Multi-Objective Explosive Search: A Novel Approach for High-Precision Target Detection},
  author  = {Unknown},
  journal = {IEEE Transactions on Pattern Analysis and Machine Intelligence},
  year    = {2024},
  url     = {https://max.book118.com/html/2024/0225/7120122023006044.shtm}
}



@inproceedings{DBLP:conf/iclr/HottungKT22,
  author    = {Andr{\'{e}} Hottung and
               Yeong{-}Dae Kwon and
               Kevin Tierney},
  title     = {Efficient Active Search for Combinatorial Optimization Problems},
  booktitle = {The Tenth International Conference on Learning Representations, {ICLR}
               2022, Virtual Event, April 25-29, 2022},
  publisher = {OpenReview.net},
  year      = {2022},
  url       = {https://openreview.net/forum?id=nO5caZwFwYu},
  timestamp = {Sat, 20 Aug 2022 01:15:42 +0200},
  biburl    = {https://dblp.org/rec/conf/iclr/HottungKT22.bib},
  bibsource = {dblp computer science bibliography, https://dblp.org}
}

@article{zhang2025pathoptimization,
  title   = {路径优化问题的算法设计与应用研究},
  author  = {张伟 and 李华},
  journal = {计算机科学与应用},
  year    = {2025},
  volume  = {12},
  number  = {3},
  pages   = {45-60},
  note    = {本文综述了路径优化问题的算法设计与应用研究进展，重点介绍了深度学习在路径优化中的应用。}
}


